<?xml version="1.0" encoding="UTF-8"?>
<collection xmlns:xsi="http://www.w3.org/2001/XMLSchema-instance" xsi:schemaLocation="http://www.loc.gov/MARC21/slim http://www.loc.gov/standards/marcxml/schema/MARC21slim.xsd" xmlns="http://www.loc.gov/MARC21/slim">
<record>
  <leader>00638cam a22002051  4500</leader>
  <controlfield tag="001">2981674</controlfield>
  <controlfield tag="003">NNC</controlfield>
  <controlfield tag="005">20150817132359.0</controlfield>
  <controlfield tag="008">010223s1905    ua            000 0 ara d</controlfield>
  <datafield tag="035" ind1=" " ind2=" ">
    <subfield code="a">(OCoLC)ocm46313392</subfield>
  </datafield>
  <datafield tag="035" ind1=" " ind2=" ">
    <subfield code="9">ASM8808CU</subfield>
  </datafield>
  <datafield tag="035" ind1=" " ind2=" ">
    <subfield code="a">(NNC)2981674</subfield>
  </datafield>
  <datafield tag="040" ind1=" " ind2=" ">
    <subfield code="a">ZCU</subfield>
    <subfield code="c">ZCU</subfield>
  </datafield>
  <datafield tag="090" ind1=" " ind2=" ">
    <subfield code="a">PJ7696</subfield>
    <subfield code="b">.I5 1905</subfield>
  </datafield>
  <datafield tag="100" ind1="0" ind2=" ">
    <subfield code="a">Imruʼ al-Qays,</subfield>
    <subfield code="d">497-545.</subfield>
  </datafield>
  <datafield tag="240" ind1="1" ind2="0">
    <subfield code="a">Poems</subfield>
  </datafield>
  <datafield tag="245" ind1="1" ind2="0">
    <subfield code="a">Sharh Dīwān Abī al-hārith al-shahīr bi Imriʾ i'l-Qays ibn Hujr al-Kindī /</subfield>
    <subfield code="b">li, Abī Bakr ʻĀsim ibn Ayyūb.</subfield>
  </datafield>
  <datafield tag="260" ind1=" " ind2=" ">
    <subfield code="a">Misr :</subfield>
    <subfield code="b">Matbaʻat al-Taqaddum al-ʻľmīyah,</subfield>
    <subfield code="c">1323 [1905]</subfield>
  </datafield>
  <datafield tag="300" ind1=" " ind2=" ">
    <subfield code="a">4, 132 p. ;</subfield>
    <subfield code="c">20 cm.</subfield>
  </datafield>
  <datafield tag="955" ind1=" " ind2=" ">
    <subfield code="b">0061924270</subfield>
    <subfield code="d">glx</subfield>
    <subfield code="e">PJ7696 .I5 1905</subfield>
  </datafield>
</record>
</collection>